%% This BibTeX bibliography file was created using BibDesk.
%% http://bibdesk.sourceforge.net/


%% Created for Torsten KÃ¼hl at 2015-01-09 00:23:15 +0100 


%% Saved with string encoding Unicode (UTF-8) 



@webpage{verkaufszahlen,
	Author = {Mirko Lindner},
	Date-Added = {2015-01-08 22:46:17 +0000},
	Date-Modified = {2015-01-08 23:23:09 +0000},
	Lastchecked = {09.01.2015},
	Month = {10},
	Title = {{\"U}ber 3,8 Millionen Raspberry Pi verkauft},
	Url = {http://www.pro-linux.de/news/1/21613/ueber-38-millionen-raspberry-pi-verkauft.html},
	Urldate = {http://www.pro-linux.de/news/1/21613/ueber-38-millionen-raspberry-pi-verkauft.html},
	Year = {2014},
	Bdsk-Url-1 = {http://www.pro-linux.de/news/1/21613/ueber-38-millionen-raspberry-pi-verkauft.html}}

@book{raspi,
	Author = {Kofler, Michael},
	Publisher = {Bonn : Galileo Press},
	Title = {Raspberry Pi : das umfassende Handbuch ; [Grundlagen verstehen, spannende Projekte realisieren ; Schnittstellen des Pi, Schaltungsaufbau, Steuerung mit Python ; Erweiterungen f{\"u}r den Pi: Gertboard, PiFace, Quick2Wire u.a. in Hardware-Projekte einsetzen ; aktuell zu allen Versionen, inkl. Modell B+]},
	Year = {2014}}

@url{motion,
	Author = {{Lavrsen, Kenneth}},
	Title = {{Motion - Web Home}},
	Url = {http://www.lavrsen.dk/foswiki/bin/view/Motion/WebHome},
	Bdsk-Url-1 = {http://www.lavrsen.dk/foswiki/bin/view/Motion/WebHome}}
